[gd_scene load_steps=8 format=3 uid="uid://1b7nltqk17qv"]

[ext_resource type="Script" path="res://scripts/game.gd" id="1_jtetk"]
[ext_resource type="Texture2D" uid="uid://bwiawl15owv83" path="res://assets/godot_mobile_assets/textures/bg/Ground.png" id="3_uxjj2"]
[ext_resource type="PackedScene" uid="uid://8hhbx112etu5" path="res://scenes/level_generator.tscn" id="3_yke8n"]
[ext_resource type="Texture2D" uid="uid://co4741fxe3weg" path="res://assets/godot_mobile_assets/textures/bg/Layer1.png" id="4_n8anx"]
[ext_resource type="Texture2D" uid="uid://b7hwejr6dbdfm" path="res://assets/godot_mobile_assets/textures/bg/Layer2.png" id="5_ea8jg"]
[ext_resource type="Texture2D" uid="uid://cto7qlsmxndb2" path="res://assets/godot_mobile_assets/textures/bg/Layer3.png" id="5_mxxjw"]
[ext_resource type="PackedScene" uid="uid://mjc6hg87xlw4" path="res://scenes/hud.tscn" id="7_sxj0h"]

[node name="Game" type="Node2D"]
script = ExtResource("1_jtetk")

[node name="UILayer" type="CanvasLayer" parent="."]
layer = 100

[node name="HUD" parent="UILayer" instance=ExtResource("7_sxj0h")]

[node name="GroundSprite" type="Sprite2D" parent="."]
z_index = 1
texture = ExtResource("3_uxjj2")
offset = Vector2(0, -61)

[node name="ParallaxBackground" type="ParallaxBackground" parent="."]

[node name="ParallaxLayer" type="ParallaxLayer" parent="ParallaxBackground"]
motion_scale = Vector2(0.1, 0.1)

[node name="Sprite2D" type="Sprite2D" parent="ParallaxBackground/ParallaxLayer"]
scale = Vector2(0.675, 0.675)
texture = ExtResource("4_n8anx")
centered = false

[node name="ParallaxLayer2" type="ParallaxLayer" parent="ParallaxBackground"]
motion_scale = Vector2(0.5, 0.5)
motion_mirroring = Vector2(0, 1935)

[node name="Sprite2D" type="Sprite2D" parent="ParallaxBackground/ParallaxLayer2"]
scale = Vector2(0.675, 0.675)
texture = ExtResource("5_ea8jg")
centered = false

[node name="ParallaxLayer3" type="ParallaxLayer" parent="ParallaxBackground"]
motion_scale = Vector2(0.85, 0.85)
motion_mirroring = Vector2(0, 1935)

[node name="Sprite2D" type="Sprite2D" parent="ParallaxBackground/ParallaxLayer3"]
scale = Vector2(0.675, 0.675)
texture = ExtResource("5_mxxjw")
centered = false

[node name="LevelGenerator" parent="." instance=ExtResource("3_yke8n")]
