[gd_scene load_steps=9 format=3 uid="uid://d5k1iopjfruy"]

[ext_resource type="Script" path="res://scripts/base_screen.gd" id="1_pb1kv"]
[ext_resource type="Texture2D" uid="uid://bhgqkxt8asymf" path="res://assets/godot_mobile_assets/textures/ui/Box01.png" id="2_avt61"]
[ext_resource type="PackedScene" uid="uid://hpftvq04n02m" path="res://scenes/screen_button.tscn" id="3_7es4r"]
[ext_resource type="Texture2D" uid="uid://bmadenpiervrc" path="res://assets/godot_mobile_assets/textures/ui/Closebtn.png" id="4_xa0xk"]
[ext_resource type="Texture2D" uid="uid://djqh22mrcr727" path="res://assets/godot_mobile_assets/textures/ui/Box04.png" id="5_1qkmo"]
[ext_resource type="Texture2D" uid="uid://cft2c3crok5xo" path="res://assets/godot_mobile_assets/textures/character/Skin2Idle.png" id="6_r5lb5"]

[sub_resource type="LabelSettings" id="LabelSettings_efajw"]
font_size = 75
font_color = Color(0, 0, 0, 1)

[sub_resource type="LabelSettings" id="LabelSettings_3mio5"]
font_size = 25
font_color = Color(0, 0, 0, 1)

[node name="ShopScreen" type="Control"]
layout_mode = 3
anchors_preset = 15
anchor_right = 1.0
anchor_bottom = 1.0
grow_horizontal = 2
grow_vertical = 2
script = ExtResource("1_pb1kv")

[node name="Box" type="TextureRect" parent="."]
layout_mode = 1
anchors_preset = 8
anchor_left = 0.5
anchor_top = 0.5
anchor_right = 0.5
anchor_bottom = 0.5
offset_left = -227.0
offset_top = -367.0
offset_right = 227.0
offset_bottom = 367.0
grow_horizontal = 2
grow_vertical = 2
texture = ExtResource("2_avt61")
expand_mode = 1

[node name="Title" type="Label" parent="Box"]
layout_mode = 1
anchors_preset = 5
anchor_left = 0.5
anchor_right = 0.5
offset_left = -167.0
offset_top = 39.0
offset_right = 167.0
offset_bottom = 142.0
grow_horizontal = 2
text = "The Shop
"
label_settings = SubResource("LabelSettings_efajw")

[node name="ShopBack" parent="Box" instance=ExtResource("3_7es4r")]
layout_mode = 1
anchors_preset = 1
anchor_left = 1.0
anchor_right = 1.0
offset_left = -33.0
offset_top = -15.0
offset_right = 8.0
offset_bottom = 24.0
grow_horizontal = 0
texture_normal = ExtResource("4_xa0xk")
ignore_texture_size = true
stretch_mode = 0

[node name="ShopPurchaseSkin" parent="Box" instance=ExtResource("3_7es4r")]
layout_mode = 1
anchors_preset = 8
anchor_left = 0.5
anchor_top = 0.5
anchor_right = 0.5
anchor_bottom = 0.5
offset_left = -120.0
offset_top = -132.0
offset_right = 120.0
offset_bottom = 132.0
grow_horizontal = 2
grow_vertical = 2
texture_normal = ExtResource("5_1qkmo")
ignore_texture_size = true
stretch_mode = 0

[node name="TextureRect" type="TextureRect" parent="Box/ShopPurchaseSkin"]
layout_mode = 1
anchors_preset = 8
anchor_left = 0.5
anchor_top = 0.5
anchor_right = 0.5
anchor_bottom = 0.5
offset_left = -102.0
offset_top = -117.0
offset_right = 94.0
offset_bottom = 114.0
grow_horizontal = 2
grow_vertical = 2
texture = ExtResource("6_r5lb5")
expand_mode = 1

[node name="Label" type="Label" parent="Box/ShopPurchaseSkin/TextureRect"]
layout_mode = 1
anchors_preset = 7
anchor_left = 0.5
anchor_top = 1.0
anchor_right = 0.5
anchor_bottom = 1.0
offset_left = -50.0
offset_top = -35.0
offset_right = 62.0
grow_horizontal = 2
grow_vertical = 0
text = "New Skin"
label_settings = SubResource("LabelSettings_3mio5")
